@article{ stV32,
    author = "ITU-T",
    title = "Recommendation V32",
    year = "1993"
}

@article{ stV32bis,
    author = "ITU-T",
    title = "Recommendation V32bis",
    year = "1991"
}

